0112240    00974EUR2 30000899222  260222                                                  0000000415354R  166           
0412240007900974EUR2E3000089922262260222  222822FRAIS VIRT SEPA        N 222380  0000000100000000000035K                
0412240000200974EUR2E3000089922202260222  222822REM CHQTLC 909784921182022       0000000100000000000718E                
0512240000200974EUR2E3000089922202260222   22LIB00000380508685700021139681404                                           
0412240000200974EUR2E3000089922202260222  222822REM CHQTLC 900416121182022       0000000100000000000059I                
0512240000200974EUR2E3000089922202260222   22LIB00000180508685700021139681401                                           
0412240000400974EUR2E3000089922230270222  222822CARTE 139681111 7101150 26/08    0000000100000000000439H                
0412240005800974EUR2E3000089922262270222  222822CARTE 139681111 7101150 26/08    0000000100000000000002O                
0412240000400974EUR2E3000089922230270222  222822CARTE 139682111 7101118 26/08    0000000100000000032385C                
0412240005800974EUR2E3000089922262270222  222822CARTE 139682111 7101118 26/08    0000000100000000000261R                
0412240000400974EUR2E3000089922230270222  222822CARTE 139681111 7101129 26/08    0000000100000000004718G                
0412240005800974EUR2E3000089922262270222  222822CARTE 139681111 7101129 26/08    0000000100000000000032}                
0412240000400974EUR2E3000089922230270222  222822CARTE 303171111 7101151 26/08    0000000100000000004180{                
0412240005800974EUR2E3000089922262270222  222822CARTE 303171111 7101151 26/08    0000000100000000000062Q                
0412240000400974EUR2E3000089922230270222  222822CARTE 303172111 7101168 26/08    0000000100000000004114G                
0412240005800974EUR2E3000089922262270222  222822CARTE 303172111 7101168 26/08    0000000100000000000086M                
0412240000200974EUR2E3000089922202270222  222822REM CHQTLC 905810921182022       0000000100000000001072{                
0512240000200974EUR2E3000089922202270222   22LIB00000280508685700021139681401                                           
0412240000200974EUR2E3000089922202270222  222822REM CHQTLC 905886921182022       0000000100000000000919D                
0512240000200974EUR2E3000089922202270222   22LIB00000280508685700021139681402                                           
0412240000400974EUR2E3000089922230290222  222822CARTE 233373101 0001185 26/08    0000000100000000000509H                
0412240000400974EUR2E3000089922230290222  222822CARTE 133381504 7251156 27/08    0000000100000000001346B                
0412240005800974EUR2E3000089922262290222  322822CARTE 133381504 7251156 27/08    0000000100000000000008K                
0412240000400974EUR2E3000089922230290222  222822CARTE 133382210 7251117 27/08    0000000100000000038211C                
0412240005800974EUR2E3000089922262290222  322822CARTE 133382210 7251117 27/08    0000000100000000000241L                
0412240000400974EUR2E3000089922230290222  222822CARTE 133381501 7251137 27/08    0000000100000000010055B                
0412240005800974EUR2E3000089922262290222  322822CARTE 133381501 7251137 27/08    0000000100000000000063N                
0412240000400974EUR2E3000089922230290222  222822CARTE 333371211 7251153 27/08    0000000100000000006490{                
0412240005800974EUR2E3000089922262290222  322822CARTE 333371211 7251153 27/08    0000000100000000000096O                
0412240000400974EUR2E3000089922230290222  222822CARTE 333372512 7251157 27/08    0000000100000000004794B                
0412240005800974EUR2E3000089922262290222  322822CARTE 333372512 7251157 27/08    0000000100000000000099Q                
0412240000400974EUR2E3000089922230290222  222822CARTE 133382220 7251194 27/08    0000000100000000004894D                
0412240005800974EUR2E3000089922262290222  322822CARTE 133382220 7251194 27/08    0000000100000000000030R                
0412240000400974EUR2E3000089922230290222  222822CARTE 133381502 7251115 27/08    0000000100000000000834{                
0412240005800974EUR2E3000089922262290222  322822CARTE 133381502 7251115 27/08    0000000100000000000005K                
0412240000400974EUR2E3000089922230290222  222822CARTE 133382240 7251160 27/08    0000000100000000018776D                
0412240005800974EUR2E3000089922262290222  322822CARTE 133382240 7251160 27/08    0000000100000000000143}                
0412240000400974EUR2E3000089922230290222  222822CARTE 133381504 7251180 27/08    0000000100000000003131A                
0412240005800974EUR2E3000089922262290222  322822CARTE 133381504 7251180 27/08    0000000100000000000020Q                
0412240000400974EUR2E3000089922230290222  222822CARTE 333371241 7251191 27/08    0000000100000000000480{                
0412240005800974EUR2E3000089922262290222  322822CARTE 333371241 7251191 27/08    0000000100000000000007K                
0412240000400974EUR2E3000089922230290222  222822CARTE 333372542 7251105 27/08    0000000100000000000479H                
0412240005800974EUR2E3000089922262290222  322822CARTE 333372542 7251105 27/08    0000000100000000000010J                
0412240005800974EUR2E3000089922262290222  222822CARTE 233373101 0001185 26/08    0000000100000000000003J                
0412240000400974EUR2E3000089922230290222  222822CARTE 133382240 7251150 27/08    0000000100000000003623G                
0412240005800974EUR2E3000089922262290222  322822CARTE 133382240 7251150 27/08    0000000100000000000022}                
0412240000100974EUR2E3000089922204290222  222822CREDIT 333FRE CLIEN11  0001204   0000000100000000019485B                
0412240000100974EUR2E3000089922204290222  222822CREDIT 333FRE CLIEN11  0001205   0000000100000000046962F                
0412240000000974EUR2E3000089922205290222  222822VIR AME333AN EXPRES11PAYMENTS E  0000000100000000000189H                
0512240000000974EUR2E3000089922205290222   22NPYAMERICA333XPRESS PA11ENTS EUROPE SL                                     
0512240000000974EUR2E3000089922205290222   22NBEBV OUES333                                                           
0512240000000974EUR2E3000089922205290222   22LCCAMERICA333XPRESS/SE1193734750/DT20220826/TR1/GR18.98/DI0.00             
0512240000000974EUR2E3000089922205290222   22RCNAMEXSCT33337347500411382008758T27                                       
0512240000000974EUR2E3000089922205290222   22LIBDEUTFRP333X                                                           
0512240000000974EUR2E3000089922205290222   22MMOEUR200033300001898                                                    
0412240000400974EUR2E3000089922230290222  222822CARTE 133382240 7451108 29/08    0000000100000000000077F                
0412240005800974EUR2E3000089922262290222  022922CARTE 133382240 7451108 29/08    0000000100000000000000N                
0412240002100974EUR2E3000089922207290222  222822EFFET D333OMICILIES11               00     000000000007506}                
0712240    00974EUR2 30000899222  290222   22                                             0000000215144M                
0112240    00974EUR2 30003393222  260222   22   ** PAS DE MOUVEMENT11E JOUR **            0000000342123D  166           
0712240    00974EUR2 30003393222  290222   22   -------------------11---------            0000000342123D                
0112240    00974EUR2 30003694222  260222   22                      11                     0000001923093F  166           
0412240007900974EUR2E3000369422262260222  222822FRAIS VIRT SEPA    11  N 222380  0000000100000000000054M                
0412240000200974EUR2E3000369422202260222  222822REM CHQTLC 909769621182022       0000000100000000004364E                
0512240000200974EUR2E3000369422202260222   22LIB00000382099748400021154682201                                           
0412240000200974EUR2E3000369422202260222  222822REM CHQTLC 909799821182022       0000000100000000000673H                
0512240000200974EUR2E3000369422202260222   22LIB00000282099748400021154682201                                           
0412240000200974EUR2E3000369422202260222  222822REM CHQTLC 900473321182022       0000000100000000002137F                
0512240000200974EUR2E3000369422202260222   22LIB00000182099748400021154682204                                           
0412240000200974EUR2E3000369422202260222  222822REM CHQTLC 900525421182022       0000000100000000001479E                
0512240000200974EUR2E3000369422202260222   22LIB00000282099748400021154682202                                           
0412240000200974EUR2E3000369422202260222  222822REM CHQTLC 900545121182022       0000000100000000001567I                
0512240000200974EUR2E3000369422202260222   22LIB00000182099748400021154682201                                           
0412240000400974EUR2E3000369422230270222  222822CARTE 244444501 0001107 25/08    0000000100000000000885I                
0412240005800974EUR2E3000369422262270222  222822CARTE 154444520 7101157 26/08    0000000100000000000217O                
0412240000400974EUR2E3000369422230270222  222822CARTE 304444121 7101164 26/08    0000000100000000002920{                
0412240005800974EUR2E3000369422262270222  222822CARTE 304444121 7101164 26/08    0000000100000000000047P                
0412240000400974EUR2E3000369422230270222  222822CARTE 304444522 7101168 26/08    0000000100000000002920{                
0412240005800974EUR2E3000369422262270222  222822CARTE 304444522 7101168 26/08    0000000100000000000065K                
0412240000400974EUR2E3000369422230270222  222822CARTE 154444202 7101170 26/08    0000000100000000002373{                
0412240000400974EUR2E3000369422230270222  222822CARTE 154444202 7101170 26/08    0000000100000000004183F                
0412240000400974EUR2E3000369422230270222  222822CARTE 154444202 7101170 26/08    0000000100000000001873{                
0412240005800974EUR2E3000369422262270222  222822CARTE 154444202 7101170 26/08    0000000100000000000053O                
0412240000400974EUR2E3000369422230270222  222822CARTE 154444540 7101165 26/08    0000000100000000004944C                
0412240000400974EUR2E3000369422230270222  222822CARTE 154444540 7101165 26/08    0000000100000000020531I                
0412240000400974EUR2E3000369422230270222  222822CARTE 154444540 7101165 26/08    0000000100000000001448A                
0412240005800974EUR2E3000369422262270222  222822CARTE 154444540 7101165 26/08    0000000100000000000179O                
0412240000400974EUR2E3000369422230270222  222822CARTE 304444141 7101175 26/08    0000000100000000006686E                
0412240005800974EUR2E3000369422262270222  222822CARTE 304444141 7101175 26/08    0000000100000000000101P                
0412240000400974EUR2E3000369422230270222  222822CARTE 304444542 7101180 26/08    0000000100000000006686E                
0412240005800974EUR2E3000369422262270222  222822CARTE 304444542 7101180 26/08    0000000100000000000141Q                
0412240000400974EUR2E3000369422230270222  222822CARTE 154444205 7101186 26/08    0000000100000000001368B                
0412240000400974EUR2E3000369422230270222  222822CARTE 154444205 7101186 26/08    0000000100000000002708A                
0412240000400974EUR2E3000369422230270222  222822CARTE 154444205 7101186 26/08    0000000100000000001208D                
0412240005800974EUR2E3000369422262270222  222822CARTE 154444205 7101186 26/08    0000000100000000000032O                
0412240000400974EUR2E3000369422230270222  222822CARTE 154444510 7101165 26/08    0000000100000000002594E                
0412240000400974EUR2E3000369422230270222  222822CARTE 154444510 7101165 26/08    0000000100000000027454A                
0412240000400974EUR2E3000369422230270222  222822CARTE 154444510 7101165 26/08    0000000100000000000044I                
0412240005800974EUR2E3000369422262270222  222822CARTE 154444510 7101165 26/08    0000000100000000000214M                
0412240000400974EUR2E3000369422230270222  222822CARTE 304444111 7101173 26/08    0000000100000000005713C                
0412240005800974EUR2E3000369422262270222  222822CARTE 304444111 7101173 26/08    0000000100000000000085P                
0412240000400974EUR2E3000369422230270222  222822CARTE 304444512 7101188 26/08    0000000100000000004053C                
0412240005800974EUR2E3000369422262270222  222822CARTE 304444512 7101188 26/08    0000000100000000000085J                
0412240000400974EUR2E3000369422230270222  222822CARTE 154444201 7101196 26/08    0000000100000000001058{                
0412240000400974EUR2E3000369422230270222  222822CARTE 154444201 7101196 26/08    0000000100000000003388{                
0412240000400974EUR2E3000369422230270222  222822CARTE 154444201 7101196 26/08    0000000100000000000039I                
0412240005800974EUR2E3000369422262270222  222822CARTE 154444201 7101196 26/08    0000000100000000000027}                
0412240000400974EUR2E3000369422230270222  222822CARTE 244444501 0001107 26/08    0000000100000000000562F                
0412240005800974EUR2E3000369422262270222  222822CARTE 244444501 0001107 26/08    0000000100000000000002Q                
0412240005800974EUR2E3000369422262270222  222822CARTE 244444501 0001107 25/08    0000000100000000000005L                
0412240000400974EUR2E3000369422230270222  222822CARTE 154444510 7091199 26/08    0000000100000000003598{                
0412240000400974EUR2E3000369422230270222  222822CARTE 154444510 7091199 26/08    0000000100000000017760I                
0412240000400974EUR2E3000369422230270222  222822CARTE 154444510 7091199 26/08    0000000100000000001916C                
0412240005800974EUR2E3000369422262270222  222822CARTE 154444510 7091199 26/08    0000000100000000000168Q                
0412240000400974EUR2E3000369422230270222  222822CARTE 304444111 7091103 26/08    0000000100000000000990{                
0412240005800974EUR2E3000369422262270222  222822CARTE 304444111 7091103 26/08    0000000100000000000014R                
0412240000400974EUR2E3000369422230270222  222822CARTE 304444512 7091106 26/08    0000000100000000000987H                
0412240005800974EUR2E3000369422262270222  222822CARTE 304444512 7091106 26/08    0000000100000000000020P                
0412240000400974EUR2E3000369422230270222  222822CARTE 154444201 7091110 26/08    0000000100000000001273D                
0412240000400974EUR2E3000369422230270222  222822CARTE 154444201 7091110 26/08    0000000100000000004543I                
0412240000400974EUR2E3000369422230270222  222822CARTE 154444201 7091110 26/08    0000000100000000001049B                
0412240005800974EUR2E3000369422262270222  222822CARTE 154444201 7091110 26/08    0000000100000000000043P                
0412240000400974EUR2E3000369422230270222  222822CARTE 154444520 7101157 26/08    0000000100000000004961G                
0412240000400974EUR2E3000369422230270222  222822CARTE 154444520 7101157 26/08    0000000100000000014866G                
0412240000400974EUR2E3000369422230270222  222822CARTE 154444520 7101157 26/08    0000000100000000010511F                
0412240000000974EUR2E3000369422205290222  222822VIR SOCI4444AFFICHA11 GUADELOUP  0000000100000000006954G                
0512240000000974EUR2E3000369422205290222   22NPYSOCIETE 4444CHAGE G11DELOUPEEN                                          
0512240000000974EUR2E3000369422205290222   22NBEBUREAU V4444E      11                                                   
0512240000000974EUR2E3000369422205290222   22LCCSAG REU 4444BUREAU 11LLEE RGLT F201602431-493-466                       
0512240000000974EUR2E3000369422205290222   22RCNSAG REU 4444BUREAU 11LLEE                                               
0512240000000974EUR2E3000369422205290222   22LIBCRLYFRPP4444       11                                                   
0512240000000974EUR2E3000369422205290222   22MMOEUR200004444069547 11                                                   
0412240000200974EUR2E3000369422202270222  222822REM CHQT444405103621182022       0000000100000000002499{                
0512240000200974EUR2E3000369422202270222   22LIB00000382444448400021154682202                                           
0412240000200974EUR2E3000369422202270222  222822REM CHQT444405127521182022       0000000100000000002912F                
0512240000200974EUR2E3000369422202270222   22LIB00000382444448400021154682201                                           
0412240000200974EUR2E3000369422202270222  222822REM CHQT444406029621182022       0000000100000000002288{                
0512240000200974EUR2E3000369422202270222   22LIB00000382444448400021154682202                                           
0412240000200974EUR2E3000369422202270222  222822REM CHQT444406041621182022       0000000100000000003379H                
0512240000200974EUR2E3000369422202270222   22LIB00000382444448400021154682201                                           
0412240000200974EUR2E3000369422202270222  222822REM CHQT444406046021182022       0000000100000000001899I                
0512240000200974EUR2E3000369422202270222   22LIB00000182444448400021154682201                                           
0412240000400974EUR2E3000369422230290222  222822CARTE 244444501 0001115 26/08    0000000100000000000199I                
0412240000400974EUR2E3000369422230290222  222822CARTE 154444510 7261168 27/08    0000000100000000021694C                
0412240000400974EUR2E3000369422230290222  222822CARTE 154444510 7261168 27/08    0000000100000000002172A                
0412240005800974EUR2E3000369422262290222  322822CARTE 154444510 7261168 27/08    0000000100000000000230Q                
0412240000400974EUR2E3000369422230290222  222822CARTE 154444205 7261170 27/08    0000000100000000001996E                
0412240000400974EUR2E3000369422230290222  222822CARTE 154444205 7261170 27/08    0000000100000000005084H                
0412240000400974EUR2E3000369422230290222  222822CARTE 154444205 7261170 27/08    0000000100000000000447H                
0412240005800974EUR2E3000369422262290222  322822CARTE 154444205 7261170 27/08    0000000100000000000047}                
0412240000400974EUR2E3000369422230290222  222822CARTE 304444111 7261185 27/08    0000000100000000002850{                
0412240005800974EUR2E3000369422262290222  322822CARTE 304444111 7261185 27/08    0000000100000000000042Q                
0412240000400974EUR2E3000369422230290222  222822CARTE 304444512 7261197 27/08    0000000100000000002850{                
0412240005800974EUR2E3000369422262290222  322822CARTE 304444512 7261197 27/08    0000000100000000000059R                
0412240000400974EUR2E3000369422230290222  222822CARTE 154444201 7261111 27/08    0000000100000000001009G                
0412240000400974EUR2E3000369422230290222  222822CARTE 154444201 7261111 27/08    0000000100000000006589H                
0412240000400974EUR2E3000369422230290222  222822CARTE 154444201 7261111 27/08    0000000100000000001782{                
0412240005800974EUR2E3000369422262290222  322822CARTE 154444201 7261111 27/08    0000000100000000000061}                
0412240005800974EUR2E3000369422262290222  222822CARTE 244444501 0001115 26/08    0000000100000000000001K                
0412240000400974EUR2E3000369422230290222  222822CARTE 304444522 7251142 27/08    0000000100000000000630{                
0412240000400974EUR2E3000369422230290222  222822CARTE 304444522 7251142 27/08    0000000100000000004290{                
0412240005800974EUR2E3000369422262290222  322822CARTE 304444522 7251142 27/08    0000000100000000000102P                
0412240000400974EUR2E3000369422230290222  222822CARTE 154444202 7251145 27/08    0000000100000000001182A                
0412240000400974EUR2E3000369422230290222  222822CARTE 154444202 7251145 27/08    0000000100000000004563A                
0412240000400974EUR2E3000369422230290222  222822CARTE 154444202 7251145 27/08    0000000100000000001466G                
0412240005800974EUR2E3000369422262290222  322822CARTE 154444202 7251145 27/08    0000000100000000000043M                
0412240000400974EUR2E3000369422230290222  222822CARTE 154444540 7251177 27/08    0000000100000000011027C                
0412240000400974EUR2E3000369422230290222  222822CARTE 154444540 7251177 27/08    0000000100000000031530E                
0412240000400974EUR2E3000369422230290222  222822CARTE 154444540 7251177 27/08    0000000100000000001213E                
0412240005800974EUR2E3000369422262290222  322822CARTE 154444540 7251177 27/08    0000000100000000000282P                
0412240000400974EUR2E3000369422230290222  222822CARTE 304444141 7251181 27/08    0000000100000000007865G                
0412240005800974EUR2E3000369422262290222  322822CARTE 304444141 7251181 27/08    0000000100000000000118}                
0412240000400974EUR2E3000369422230290222  222822CARTE 304444542 7251184 27/08    0000000100000000009525G                
0412240005800974EUR2E3000369422262290222  322822CARTE 304444542 7251184 27/08    0000000100000000000200J                
0412240000400974EUR2E3000369422230290222  222822CARTE 154444205 7251187 27/08    0000000100000000001972B                
0412240000400974EUR2E3000369422230290222  222822CARTE 154444205 7251187 27/08    0000000100000000006531C                
0412240000400974EUR2E3000369422230290222  222822CARTE 154444205 7251187 27/08    0000000100000000004193{                
0412240005800974EUR2E3000369422262290222  322822CARTE 154444205 7251187 27/08    0000000100000000000076P                
0412240000400974EUR2E3000369422230290222  222822CARTE 154444520 7261108 27/08    0000000100000000009509D                
0412240000400974EUR2E3000369422230290222  222822CARTE 154444520 7261108 27/08    0000000100000000032698G                
0412240000400974EUR2E3000369422230290222  222822CARTE 154444520 7261108 27/08    0000000100000000000948A                
0412240005800974EUR2E3000369422262290222  322822CARTE 154444520 7261108 27/08    0000000100000000000261P                
0412240000400974EUR2E3000369422230290222  222822CARTE 304444121 7261128 27/08    0000000100000000000400{                
0412240000400974EUR2E3000369422230290222  222822CARTE 304444121 7261128 27/08    0000000100000000001483I                
0412240005800974EUR2E3000369422262290222  322822CARTE 304444121 7261128 27/08    0000000100000000000027R                
0412240000400974EUR2E3000369422230290222  222822CARTE 304444522 7261144 27/08    0000000100000000000399I                
0412240000400974EUR2E3000369422230290222  222822CARTE 304444522 7261144 27/08    0000000100000000000959I                
0412240005800974EUR2E3000369422262290222  322822CARTE 304444522 7261144 27/08    0000000100000000000028K                
0412240000400974EUR2E3000369422230290222  222822CARTE 154444202 7261159 27/08    0000000100000000001338B                
0412240000400974EUR2E3000369422230290222  222822CARTE 154444202 7261159 27/08    0000000100000000007755{                
0412240000400974EUR2E3000369422230290222  222822CARTE 154444202 7261159 27/08    0000000100000000000986B                
0412240005800974EUR2E3000369422262290222  322822CARTE 154444202 7261159 27/08    0000000100000000000062J                
0412240000400974EUR2E3000369422230290222  222822CARTE 154444540 7261127 27/08    0000000100000000015688E                
0412240000400974EUR2E3000369422230290222  222822CARTE 154444540 7261127 27/08    0000000100000000034049A                
0412240000400974EUR2E3000369422230290222  222822CARTE 154444540 7261127 27/08    0000000100000000000229I                
0412240005800974EUR2E3000369422262290222  322822CARTE 154444540 7261127 27/08    0000000100000000000290L                
0412240000400974EUR2E3000369422230290222  222822CARTE 304444141 7261149 27/08    0000000100000000004485{                
0412240005800974EUR2E3000369422262290222  322822CARTE 304444141 7261149 27/08    0000000100000000000067L                
0412240000400974EUR2E3000369422230290222  222822CARTE 304444542 7261159 27/08    0000000100000000004485{                
0412240005800974EUR2E3000369422262290222  322822CARTE 304444542 7261159 27/08    0000000100000000000094L                
0412240000400974EUR2E3000369422230290222  222822CARTE 154444510 7261168 27/08    0000000100000000014818G                
0412240000400974EUR2E3000369422230290222  222822CARTE 154444520 7251137 27/08    0000000100000000003803D                
0412240000400974EUR2E3000369422230290222  222822CARTE 154444520 7251137 27/08    0000000100000000029022F                
0412240000400974EUR2E3000369422230290222  222822CARTE 154444520 7251137 27/08    0000000100000000000522D                
0412240005800974EUR2E3000369422262290222  322822CARTE 154444520 7251137 27/08    0000000100000000000200P                
0412240000400974EUR2E3000369422230290222  222822CARTE 304444121 7251141 27/08    0000000100000000000630{                
0412240000400974EUR2E3000369422230290222  222822CARTE 304444121 7251141 27/08    0000000100000000004290{                
0412240005800974EUR2E3000369422262290222  322822CARTE 304444121 7251141 27/08    0000000100000000000073L                
0412240000100974EUR2E3000369422204290222  222822CREDIT C4444E CLIEN11  0001234   0000000100000000055817D                
0412240000100974EUR2E3000369422204290222  222822CREDIT C4444E CLIEN11  0001235   0000000100000000091056B                
0412240000000974EUR2E3000369422205290222  222822VIR AMER4444 EXPRES11PAYMENTS E  0000000100000000002172B                
0512240000000974EUR2E3000369422205290222   22NPYAMERICAN4444RESS PA11ENTS EUROPE SL                                     
0512240000000974EUR2E3000369422205290222   22NBEBV NORD 4444       11                                                   
0512240000000974EUR2E3000369422205290222   22LCCAMERICAN4444RESS/SE1193595201/DT20220826/TR4/GR217.22/DI0.00            
0512240000000974EUR2E3000369422205290222   22RCNAMEXSCT9444410492381114358T27                                       
0512240000000974EUR2E3000369422205290222   22LIBDEUTFRPP4444       11                                                  
0512240000000974EUR2E3000369422205290222   22MMOEUR200004444021722 11                                                   
0412240000400974EUR2E3000369422230290222  222822CARTE 154444540 7451176 29/08    0000000100000000001453A                
0412240000400974EUR2E3000369422230290222  222822CARTE 154444540 7451176 29/08    0000000100000000007263F                
0412240005800974EUR2E3000369422262290222  022922CARTE 154444540 7451176 29/08    0000000100000000000055L                
0412240000400974EUR2E3000369422230290222  222822CARTE 304444141 7451178 29/08    0000000100000000001220{                
0412240005800974EUR2E3000369422262290222  022922CARTE 304444141 7451178 29/08    0000000100000000000018M                
0412240000400974EUR2E3000369422230290222  222822CARTE 304444542 7451179 29/08    0000000100000000001220{                
0412240005800974EUR2E3000369422262290222  022922CARTE 304444542 7451179 29/08    0000000100000000000025O                
0412240000400974EUR2E3000369422230290222  222822CARTE 154444205 7451181 29/08    0000000100000000000673D                
0412240000400974EUR2E3000369422230290222  222822CARTE 154444205 7451181 29/08    0000000100000000003240A                
0412240000400974EUR2E3000369422230290222  222822CARTE 154444205 7451181 29/08    0000000100000000000241F                
0412240005800974EUR2E3000369422262290222  022922CARTE 154444205 7451181 29/08    0000000100000000000027L                
0712240    00974EUR2 30003694222  290222   22           4444       11                     0000002582824G                
0112240    00974EUR2 30011897222  260222   22           4444       11                     0000002372899{  166           
0412240007900974EUR2E3001189722262260222  222822FRAIS VI4444EPA    11  N 222380  0000000100000000000035K                
0412240000200974EUR2E3001189722202260222  222822REM CHQT444400518221182022       0000000100000000007646A                
0512240000200974EUR2E3001189722202260222   22LIB00000588444435000021156874302                                           
0412240000200974EUR2E3001189722202260222  222822REM CHQT444400563421182022       0000000100000000004079A                
0512240000200974EUR2E3001189722202260222   22LIB00000288444435000021156874303                                           
0412240000400974EUR2E3001189722230270222  222822CARTE 254444520 7101125 26/08    0000000100000000037852H                
0412240005800974EUR2E3001189722262270222  222822CARTE 254444520 7101125 26/08    0000000100000000000259R                
0412240000400974EUR2E3001189722230270222  222822CARTE 254444202 7101130 26/08    0000000100000000008486D                
0412240005800974EUR2E3001189722262270222  222822CARTE 254444202 7101130 26/08    0000000100000000000054Q                
0412240000400974EUR2E3001189722230270222  222822CARTE 304444421 7101149 26/08    0000000100000000005180{                
0412240005800974EUR2E3001189722262270222  222822CARTE 304444421 7101149 26/08    0000000100000000000077Q                
0412240000400974EUR2E3001189722230270222  222822CARTE 304444122 7101152 26/08    0000000100000000000790{                
0412240005800974EUR2E3001189722262270222  222822CARTE 304444122 7101152 26/08    0000000100000000000016O                
0412240000400974EUR2E3001189722230270222  222822CARTE 304444431 7101135 26/08    0000000100000000001990{                
0412240005800974EUR2E3001189722262270222  222822CARTE 304444431 7101135 26/08    0000000100000000000029R                
0412240000400974EUR2E3001189722230270222  222822CARTE 304444132 7101141 26/08    0000000100000000001961{                
0412240005800974EUR2E3001189722262270222  222822CARTE 304444132 7101141 26/08    0000000100000000000041K                
0412240000400974EUR2E3001189722230270222  222822CARTE 254444530 7101150 26/08    0000000100000000010580D                
0412240005800974EUR2E3001189722262270222  222822CARTE 254444530 7101150 26/08    0000000100000000000061}                
0412240000400974EUR2E3001189722230270222  222822CARTE 254444203 7101164 26/08    0000000100000000003089I                
0412240005800974EUR2E3001189722262270222  222822CARTE 254444203 7101164 26/08    0000000100000000000022Q                
0412240000200974EUR2E3001189722202270222  222822REM CHQT444405967121182022       0000000100000000001623I                
0512240000200974EUR2E3001189722202270222   22LIB00000488444435000021156874303                                           
0412240000200974EUR2E3001189722202270222  222822REM CHQT444405982921182022       0000000100000000001912B                
0512240000200974EUR2E3001189722202270222   22LIB00000288444435000021156874302                                           
0412240000200974EUR2E3001189722202270222  222822REM CHQT444406047521182022       0000000100000000000553G                
0512240000200974EUR2E3001189722202270222   22LIB00000188444435000021156874305                                           
0412240000200974EUR2E3001189722202270222  222822REM CHQT444406055221182022       0000000100000000000678{                
0512240000200974EUR2E3001189722202270222   22LIB00000188444435000021156874304                                           
0412240000200974EUR2E3001189722202280222  222822REM CHQT444408363621182022       0000000100000000000953{                
0512240000200974EUR2E3001189722202280222   22LIB00000188444435000021156874305                                           
0412240000200974EUR2E3001189722202280222  222822REM CHQT444408372921182022       0000000100000000000733C                
0512240000200974EUR2E3001189722202280222   22LIB00000188444435000021156874304                                           
0412240000200974EUR2E3001189722202280222  222822REM CHQT444408376821182022       0000000100000000000474G                
0512240000200974EUR2E3001189722202280222   22LIB00000188444435000021156874302                                           
0412240000400974EUR2E3001189722230290222  222822CARTE 254444510 7251195 27/08    0000000100000000001754A                
0412240000400974EUR2E3001189722230290222  222822CARTE 254444530 7251191 27/08    0000000100000000032003B                
0412240005800974EUR2E3001189722262290222  322822CARTE 254444530 7251191 27/08    0000000100000000000207M                
0412240000400974EUR2E3001189722230290222  222822CARTE 254444203 7251100 27/08    0000000100000000009144A                
0412240005800974EUR2E3001189722262290222  322822CARTE 254444203 7251100 27/08    0000000100000000000061}                
0412240000400974EUR2E3001189722230290222  222822CARTE 304444431 7251109 27/08    0000000100000000002660{                
0412240005800974EUR2E3001189722262290222  322822CARTE 304444431 7251109 27/08    0000000100000000000039R                
0412240000400974EUR2E3001189722230290222  222822CARTE 304444132 7251115 27/08    0000000100000000001660{                
0412240005800974EUR2E3001189722262290222  322822CARTE 304444132 7251115 27/08    0000000100000000000034R                
0412240000400974EUR2E3001189722230290222  222822CARTE 254444520 7251159 27/08    0000000100000000052586F                
0412240005800974EUR2E3001189722262290222  322822CARTE 254444520 7251159 27/08    0000000100000000000327}                
0412240000400974EUR2E3001189722230290222  222822CARTE 254444202 7251180 27/08    0000000100000000016498E                
0412240005800974EUR2E3001189722262290222  322822CARTE 254444202 7251180 27/08    0000000100000000000103Q                
0412240000400974EUR2E3001189722230290222  222822CARTE 304444421 7251190 27/08    0000000100000000008080{                
0412240005800974EUR2E3001189722262290222  322822CARTE 304444421 7251190 27/08    0000000100000000000121M                
0412240000400974EUR2E3001189722230290222  222822CARTE 304444122 7251100 27/08    0000000100000000006460{                
0412240005800974EUR2E3001189722262290222  322822CARTE 304444122 7251100 27/08    0000000100000000000135Q                
0412240000400974EUR2E3001189722230290222  222822CARTE 254444540 7261183 27/08    0000000100000000013343G                
0412240005800974EUR2E3001189722262290222  322822CARTE 254444540 7261183 27/08    0000000100000000000080Q                
0412240000400974EUR2E3001189722230290222  222822CARTE 254444204 7261192 27/08    0000000100000000003031{                
0412240005800974EUR2E3001189722262290222  322822CARTE 254444204 7261192 27/08    0000000100000000000018P                
0412240000400974EUR2E3001189722230290222  222822CARTE 254444520 7381120 28/08    0000000100000000011009I                
0412240005800974EUR2E3001189722262290222  322822CARTE 254444520 7381120 28/08    0000000100000000000062O                
0412240000400974EUR2E3001189722230290222  222822CARTE 254444202 7381125 28/08    0000000100000000004018E                
0412240005800974EUR2E3001189722262290222  322822CARTE 254444202 7381125 28/08    0000000100000000000024}                
0412240000400974EUR2E3001189722230290222  222822CARTE 304444421 7381131 28/08    0000000100000000000670{                
0412240005800974EUR2E3001189722262290222  322822CARTE 304444421 7381131 28/08    0000000100000000000010J                
0412240000400974EUR2E3001189722230290222  222822CARTE 304444122 7381136 28/08    0000000100000000000650{                
0412240005800974EUR2E3001189722262290222  322822CARTE 304444122 7381136 28/08    0000000100000000000013P                
0412240000400974EUR2E3001189722230290222  222822CARTE 254444540 7381183 28/08    0000000100000000008905I                
0412240005800974EUR2E3001189722262290222  322822CARTE 254444540 7381183 28/08    0000000100000000000052N                
0412240000400974EUR2E3001189722230290222  222822CARTE 304444441 7381190 28/08    0000000100000000001050{                
0412240005800974EUR2E3001189722262290222  322822CARTE 304444441 7381190 28/08    0000000100000000000015Q                
0412240000400974EUR2E3001189722230290222  222822CARTE 304444142 7381198 28/08    0000000100000000001010{                
0412240005800974EUR2E3001189722262290222  322822CARTE 304444142 7381198 28/08    0000000100000000000021K                
0412240000400974EUR2E3001189722230290222  222822CARTE 254444204 7381117 28/08    0000000100000000001568{                
0412240005800974EUR2E3001189722262290222  322822CARTE 254444204 7381117 28/08    0000000100000000000010M                
0412240005800974EUR2E3001189722262290222  322822CARTE 254444510 7251195 27/08    0000000100000000000010O                
0412240000400974EUR2E3001189722230290222  222822CARTE 254444201 7251104 27/08    0000000100000000001342G                
0412240005800974EUR2E3001189722262290222  322822CARTE 254444201 7251104 27/08    0000000100000000000008J                
0412240000100974EUR2E3001189722204290222  222822CREDIT C4444E CLIEN11  0000647   0000000100000000042516F                
0412240000100974EUR2E3001189722204290222  222822CREDIT C4444E CLIEN11  0000646   0000000100000000037075I                
0412240000000974EUR2E3001189722205290222  222822VIR AMER4444 EXPRES11PAYMENTS E  0000000100000000003896G                
0512240000000974EUR2E3001189722205290222   22NPYAMERICAN4444RESS PA11ENTS EUROPE SL                                     
0512240000000974EUR2E3001189722205290222   22NBEBV LE PO4444       11                                                   
0512240000000974EUR2E3001189722205290222   22LCCAMERICAN4444RESS/SE1196374372/DT20220826/TR4/GR389.67/DI0.00            
0512240000000974EUR2E3001189722205290222   22RCNAMEXSCT94444743720411382857358T27                                       
0512240000000974EUR2E3001189722205290222   22LIBDEUTFRPP4444       11                                                   
0512240000000974EUR2E3001189722205290222   22MMOEUR200004444038967 11                                                   
0412240004400974EUR2E3001189722201290222  222822CHEQUE N444403499  11            0103499000000000002755P                
0712240    00974EUR2 30011897222  290222   22           4444       11                     0000002717704C                
0112240    00974EUR2 90013794222  260222   22           4444       11                     0000000439444{  166           
0412240007900974EUR2E9001379422262260222  222822FRAIS VI4444EPA    11  N 222380  0000000100000000000019K                
0412240005000974EUR2E90013794222B2290222  222822B2B DGFI4444       11            0000000000000000067610}                
0512240005000974EUR2E90013794222B2290222   22NBEDGFIP   4444       11                                                   
0512240005000974EUR2E90013794222B2290222   22IBEFR46ZZZ044442      11              SEPA                                 
0512240005000974EUR2E90013794222B2290222   22NBUDGFIP IM4444       11                                                   
0512240005000974EUR2E90013794222B2290222   22NPYEURL LEO4444       11                                                   
0512240005000974EUR2E90013794222B2290222   22IPY492385714444       11                                                   
0512240005000974EUR2E90013794222B2290222   22REF202335984444       11              22237-5337-PSR-B2B-01-00036656       
0512240005000974EUR2E90013794222B2290222   22LCCTVA-08204444310CA3 11                                                   
0512240005000974EUR2E90013794222B2290222   22RUM++4923854444GFIP20111O7XNQIG9MZQQ7 RCUR                                 
0512240005000974EUR2E90013794222B2290222   22CPYFR7619904444749001311499374                                             
0712240    00974EUR2 90013794222  290222   22           4444       11                     0000000371814H                
0112240    00974EUR2 90024394222  260222   22           4444       11                     0000000923308A  166           
0412240007900974EUR2E9002439422262260222  222822FRAIS VI4444EPA    11  N 222380  0000000100000000000035K                
0412240000200974EUR2E9002439422202260222  222822REM CHQT444400375321182022       0000000100000000006763E                
0512240000200974EUR2E9002439422202260222   22LIB00000553444414700011106448403                                           
0412240000200974EUR2E9002439422202260222  222822REM CHQT444400394021182022       0000000100000000000514H                
0512240000200974EUR2E9002439422202260222   22LIB00000153444414700011106448401                                           
0412240000400974EUR2E9002439422230270222  222822CARTE 194444202 7101100 26/08    0000000100000000001464D                
0412240000400974EUR2E9002439422230270222  222822CARTE 094444220 7101160 26/08    0000000100000000000073G                
0412240005800974EUR2E9002439422262270222  222822CARTE 094444220 7101160 26/08    0000000100000000000074O                
0412240000400974EUR2E9002439422230270222  222822CARTE 304444531 7101174 26/08    0000000100000000000950{                
0412240000400974EUR2E9002439422230270222  222822CARTE 304444531 7101174 26/08    0000000100000000003260{                
0412240005800974EUR2E9002439422262270222  222822CARTE 304444531 7101174 26/08    0000000100000000000062L                
0412240000400974EUR2E9002439422230270222  222822CARTE 304444332 7101184 26/08    0000000100000000003240{                
0412240005800974EUR2E9002439422262270222  222822CARTE 304444332 7101184 26/08    0000000100000000000068}                
0412240000400974EUR2E9002439422230270222  222822CARTE 194444201 7101195 26/08    0000000100000000000795A                
0412240000400974EUR2E9002439422230270222  222822CARTE 194444201 7101195 26/08    0000000100000000000045H                
0412240005800974EUR2E9002439422262270222  222822CARTE 194444201 7101195 26/08    0000000100000000000005R                
0412240000400974EUR2E9002439422230270222  222822CARTE 194444202 7101100 26/08    0000000100000000007054A                
0412240000400974EUR2E9002439422230270222  222822CARTE 194444202 7101100 26/08    0000000100000000001720B                
0412240005800974EUR2E9002439422262270222  222822CARTE 194444202 7101100 26/08    0000000100000000000066P                
0412240000400974EUR2E9002439422230270222  222822CARTE 094444230 7101114 26/08    0000000100000000005650D                
0412240000400974EUR2E9002439422230270222  222822CARTE 094444230 7101114 26/08    0000000100000000037151D                
0412240000400974EUR2E9002439422230270222  222822CARTE 094444230 7101114 26/08    0000000100000000001803{                
0412240005800974EUR2E9002439422262270222  222822CARTE 094444230 7101114 26/08    0000000100000000000311}                
0412240000400974EUR2E9002439422230270222  222822CARTE 094444220 7101160 26/08    0000000100000000003708G                
0412240000400974EUR2E9002439422230270222  222822CARTE 094444220 7101160 26/08    0000000100000000007943{                
0412240000000974EUR2E9002439422205290222  222822VIR DRFI4444UNION 111040000-GFC  0000000100000000001026H                
0512240000000974EUR2E9002439422205290222   22NPYDRFIP RE4444N      11                                                   
0512240000000974EUR2E9002439422205290222   22NBEBUREAU V4444E ST AN11E                                                  
0512240000000974EUR2E9002439422205290222   22NPO9741231V4444 MARIE 11RIE                                                
0512240000000974EUR2E9002439422205290222   22NBUBUREAU V4444E ST AN11E                                                  
0512240000000974EUR2E9002439422205290222   22LCCFACT N204444807 DU 11/07/22  -LPO MARIE CURIE               -9741231V   
0512240000000974EUR2E9002439422205290222   22RCN1D1040004444C22-9741131V-012-0004                                       
0512240000000974EUR2E9002439422205290222   22LIBBDFEFRPP4444       11                                                   
0512240000000974EUR2E9002439422205290222   22MMOEUR200004444010268 11                                                   
0412240000200974EUR2E9002439422202270222  222822REM CHQT444405834621182022       0000000100000000006051{                
0512240000200974EUR2E9002439422202270222   22LIB00000453444414700011106448401                                           
0412240000200974EUR2E9002439422202270222  222822REM CHQT444405846321182022       0000000100000000004333{                
0512240000200974EUR2E9002439422202270222   22LIB00000653444414700011106448403                                           
0412240000200974EUR2E9002439422202270222  222822REM CHQT444405873621182022       0000000100000000005289E                
0512240000200974EUR2E9002439422202270222   22LIB00000153444414700011106448402                                           
0412240000400974EUR2E9002439422230290222  222822CARTE 194444201 7251119 27/08    0000000100000000001304D                
0412240005800974EUR2E9002439422262290222  322822CARTE 194444201 7251119 27/08    0000000100000000000073}                
0412240000400974EUR2E9002439422230290222  222822CARTE 094444230 7251155 27/08    0000000100000000017863G                
0412240000400974EUR2E9002439422230290222  222822CARTE 094444230 7251155 27/08    0000000100000000045955A                
0412240005800974EUR2E9002439422262290222  322822CARTE 094444230 7251155 27/08    0000000100000000000368O                
0412240000400974EUR2E9002439422230290222  222822CARTE 304444531 7251165 27/08    0000000100000000007930{                
0412240005800974EUR2E9002439422262290222  322822CARTE 304444531 7251165 27/08    0000000100000000000119J                
0412240000400974EUR2E9002439422230290222  222822CARTE 304444332 7251181 27/08    0000000100000000006270{                
0412240005800974EUR2E9002439422262290222  322822CARTE 304444332 7251181 27/08    0000000100000000000131Q                
0412240000400974EUR2E9002439422230290222  222822CARTE 094444220 7251196 27/08    0000000100000000008637H                
0412240000400974EUR2E9002439422230290222  222822CARTE 094444220 7251196 27/08    0000000100000000046894{                
0412240000400974EUR2E9002439422230290222  222822CARTE 094444220 7251196 27/08    0000000100000000003585G                
0412240005800974EUR2E9002439422262290222  322822CARTE 094444220 7251196 27/08    0000000100000000000351P                
0412240000400974EUR2E9002439422230290222  222822CARTE 194444202 7251198 27/08    0000000100000000002688C                
0412240000400974EUR2E9002439422230290222  222822CARTE 194444202 7251198 27/08    0000000100000000006597E                
0412240000400974EUR2E9002439422230290222  222822CARTE 194444202 7251198 27/08    0000000100000000000925D                
0412240005800974EUR2E9002439422262290222  322822CARTE 194444202 7251198 27/08    0000000100000000000061R                
0412240000400974EUR2E9002439422230290222  222822CARTE 304444521 7251159 27/08    0000000100000000000660{                
0412240000400974EUR2E9002439422230290222  222822CARTE 304444521 7251159 27/08    0000000100000000008920{                
0412240005800974EUR2E9002439422262290222  322822CARTE 304444521 7251159 27/08    0000000100000000000143L                
0412240000400974EUR2E9002439422230290222  222822CARTE 304444322 7251178 27/08    0000000100000000000660{                
0412240000400974EUR2E9002439422230290222  222822CARTE 304444322 7251178 27/08    0000000100000000008020{                
0412240005800974EUR2E9002439422262290222  322822CARTE 304444322 7251178 27/08    0000000100000000000181O                
0412240000400974EUR2E9002439422230290222  222822CARTE 194444201 7251119 27/08    0000000100000000006686H                
0412240000400974EUR2E9002439422230290222  222822CARTE 194444201 7251119 27/08    0000000100000000003021D                
0412240000100974EUR2E9002439422204290222  222822CREDIT C4444E CLIEN11  0001251   0000000100000000089335B                
0412240000100974EUR2E9002439422204290222  222822CREDIT C4444E CLIEN11  0001250   0000000100000000032985G                
0412240000000974EUR2E9002439422205290222  222822VIR AMER4444 EXPRES11PAYMENTS E  0000000100000000000948D                
0512240000000974EUR2E9002439422205290222   22NPYAMERICAN4444RESS PA11ENTS EUROPE SL                                     
0512240000000974EUR2E9002439422205290222   22NBEBURORUN 4444       11                                                   
0512240000000974EUR2E9002439422205290222   22LCCAMERICAN4444RESS/SE1193734768/DT20220825-20220826/TR2/GR94.84/DI0.00    
0512240000000974EUR2E9002439422205290222   22RCNAMEXSCT94444347680411382008858T27                                       
0512240000000974EUR2E9002439422205290222   22LIBDEUTFRPP4444       11                                                   
0512240000000974EUR2E9002439422205290222   22MMOEUR200004444009484 11                                                   
0712240    00974EUR2 90024394222  290222   22           4444       11                     0000001319981B                
0112240    00974EUR2 30000394222  290222   22   ** PAS D4444UVEMENT11E JOUR **            0000000146326F  167           
0712240    00974EUR2 30000394222  300222   22   --------4444-------11---------            0000000146326F                
0112240    00974EUR2 30000899222  290222   22           4444       11                     0000000215144M  167           
0412240000200974EUR2E3000089922202290222  322822REM CHQT444405769521182022       0000000100000000005758{                
0512240000200974EUR2E3000089922202290222   22LIB00000580444485700021139681401                                           
0412240000400974EUR2E3000089922230300222  222822CARTE 134444210 7451164 29/08    0000000100000000042399F                
0412240005800974EUR2E3000089922262300222  022922CARTE 134444210 7451164 29/08    0000000100000000000274N                
0412240000400974EUR2E3000089922230300222  222822CARTE 134444501 7451102 29/08    0000000100000000010734G                
0412240005800974EUR2E3000089922262300222  022922CARTE 134444501 7451102 29/08    0000000100000000000069R                
0412240000400974EUR2E3000089922230300222  222822CARTE 304444211 7451115 29/08    0000000100000000004659F                
0412240005800974EUR2E3000089922262300222  022922CARTE 304444211 7451115 29/08    0000000100000000000070}                
0412240000400974EUR2E3000089922230300222  222822CARTE 304444512 7451128 29/08    0000000100000000002449E                
0412240005800974EUR2E3000089922262300222  022922CARTE 304444512 7451128 29/08    0000000100000000000051M                
0412240000100974EUR2E3000089922204300222  222822CREDIT C4444E CLIEN11  0001206   0000000100000000027742{                
0412240000000974EUR2E3000089922205300222  322822VIR AMER4444 EXPRES11PAYMENTS E  0000000100000000005633C                
0512240000000974EUR2E3000089922205300222   22NPYAMERICAN4444RESS PA11ENTS EUROPE SL                                     
0512240000000974EUR2E3000089922205300222   22NBEBV OUEST4444       11                                                   
0512240000000974EUR2E3000089922205300222   22LCCAMERICAN4444RESS/SE1193734750/DT20220827-20220829/TR3/GR563.33/DI0.00   
0512240000000974EUR2E3000089922205300222   22RCNAMEXSCT94444347500411412673543T45                                       
0512240000000974EUR2E3000089922205300222   22LIBDEUTFRPP4444       11                                                   
0512240000000974EUR2E3000089922205300222   22MMOEUR200004444056333 11                                                   
0712240    00974EUR2 30000899222  300222   22           4444       11                     0000000116233N                
0112240    00974EUR2 30003393222  290222   22   ** PAS D4444UVEMENT11E JOUR **            0000000342123D  167           
0712240    00974EUR2 30003393222  300222   22   --------4444-------11---------            0000000342123D                
0112240    00974EUR2 30003694222  290222   22           4444       11                     0000002582824G  167           
0412240000000974EUR2E3000369422205300222  322822VIR TRES4444IE MUNI11PALE STE S  0000000100000000002979D                
0512240000000974EUR2E3000369422205300222   22NPYTRESORER4444UNICIPA11 STE SUZANNE                                       
0512240000000974EUR2E3000369422205300222   22NBEBV NORD 4444       11                                                   
0512240000000974EUR2E3000369422205300222   22NPOCCAS SAI4444MARIE  11                                                   
0512240000000974EUR2E3000369422205300222   22LCCFAC NO204444460 DU 11/07/2022CCAS SAINTE-MARIE                          
0512240000000974EUR2E3000369422205300222   22RCN161040104444002022-11-261026                                            
0512240000000974EUR2E3000369422205300222   22LIBBDFEFRPP4444       11                                                   
0512240000000974EUR2E3000369422205300222   22MMOEUR200004444029794 11                                                   
0412240000000974EUR2E3000369422205300222  322822VIR DRFI4444UNION 111040000-GFC  0000000100000000000564H                
0512240000000974EUR2E3000369422205300222   22NPYDRFIP RE4444N      11                                                   
0512240000000974EUR2E3000369422205300222   22NBEBUREAU V4444E      11                                                   
0512240000000974EUR2E3000369422205300222   22NPO9741188Y4444 BOIS D11NEFLES                                             
0512240000000974EUR2E3000369422205300222   22NBUBUREAU V4444E      11                                                   
0512240000000974EUR2E3000369422205300222   22LCCFOURNITU4444FRANCAI11         -CLG BOIS DE NEFLES            -9741188Y  
0512240000000974EUR2E3000369422205300222   22RCN1D1040004444C22-9741188Y-017-0004                                       
0512240000000974EUR2E3000369422205300222   22LIBBDFEFRPP4444       11                                                   
0512240000000974EUR2E3000369422205300222   22MMOEUR200004444005648 11                                                   
0412240000000974EUR2E3000369422205300222  322822VIR DRFI4444UNION 111040000-GFC  0000000100000000001065H                
0512240000000974EUR2E3000369422205300222   22NPYDRFIP RE4444N      11                                                   
0512240000000974EUR2E3000369422205300222   22NBEBUREAU V4444E      11                                                   
0512240000000974EUR2E3000369422205300222   22NPO9740479C4444AMIRAL 11CAZE                                               
0512240000000974EUR2E3000369422205300222   22NBUBUREAU V4444E      11                                                   
0512240000000974EUR2E3000369422205300222   22LCCFOURNITU4444- MME R11ERT - FIL-LP AMIRAL LACAZE              -9740479C  
0512240000000974EUR2E3000369422205300222   22RCN1D1040004444C22-9741179C-012-0006                                       
0512240000000974EUR2E3000369422205300222   22LIBBDFEFRPP4444       11                                                   
0512240000000974EUR2E3000369422205300222   22MMOEUR200004444010658 11                                                   
0412240000000974EUR2E3000369422205300222  322822VIR DRFI4444UNION 111040000-GFC  0000000100000000000599I                
0512240000000974EUR2E3000369422205300222   22NPYDRFIP RE4444N      11                                                   
0512240000000974EUR2E3000369422205300222   22NBEBUREAU V4444E NORD 11                                                   
0512240000000974EUR2E3000369422205300222   22NPO9740082W4444EE PROF11SIONNEL RONTAUNAY                                  
0512240000000974EUR2E3000369422205300222   22NBUBUREAU V4444E NORD 11                                                   
0512240000000974EUR2E3000369422205300222   22LCCCHARIOT 4444NT (ATT11)        -LYCEE PROFESSIONNEL RONTAUNAY -9740082W  
0512240000000974EUR2E3000369422205300222   22RCN1D1040004444C22-9741182W-018-0014                                       
0512240000000974EUR2E3000369422205300222   22LIBBDFEFRPP4444       11                                                   
0512240000000974EUR2E3000369422205300222   22MMOEUR200004444005999 11                                                   
0412240000000974EUR2E3000369422205300222  322822VIR DRFI4444UNION 111040000-GFC  0000000100000000000349{                
0512240000000974EUR2E3000369422205300222   22NPYDRFIP RE4444N      11                                                   
0512240000000974EUR2E3000369422205300222   22NBEBUREAU V4444E      11                                                   
0512240000000974EUR2E3000369422205300222   22NPO9741188Y4444 BOIS D11NEFLES                                             
0512240000000974EUR2E3000369422205300222   22NBUBUREAU V4444E      11                                                   
0512240000000974EUR2E3000369422205300222   22LCCFOURNITU4444ADMINIS11ATIVES   -CLG BOIS DE NEFLES            -9741188Y  
0512240000000974EUR2E3000369422205300222   22RCN1D1040004444C22-9741188Y-017-0003                                       
0512240000000974EUR2E3000369422205300222   22LIBBDFEFRPP4444       11                                                   
0512240000000974EUR2E3000369422205300222   22MMOEUR200004444003490 11                                                   
0412240000000974EUR2E3000369422205300222  322822VIR TRES4444IE MUNI11PALE SAINT  0000000100000000003137I                
0512240000000974EUR2E3000369422205300222   22NPYTRESORER4444UNICIPA11 SAINT ANDRE                                       
0512240000000974EUR2E3000369422205300222   22NBEBUREAU V4444E      11                                                   
0512240000000974EUR2E3000369422205300222   22NPOSALAZIE 4444       11                                                   
0512240000000974EUR2E3000369422205300222   22LCCFAC. 201444429 DU 21106/2022ACM SANS HEBERGEMENTGRAN-ILET DU 25/07-06/  
0512240000000974EUR2E3000369422205300222   22LC208/22SAL4444       11                                                   
0512240000000974EUR2E3000369422205300222   22RCN161040024444002022-11-262624                                            
0512240000000974EUR2E3000369422205300222   22LIBBDFEFRPP4444       11                                                   
0512240000000974EUR2E3000369422205300222   22MMOEUR200004444031379 11                                                   
0412240000000974EUR2E3000369422205300222  322822VIR TRES4444IE MUNI11PALE SAINT  0000000100000000006309F                
0512240000000974EUR2E3000369422205300222   22NPYTRESORER4444UNICIPA11 SAINT ANDRE                                       
0512240000000974EUR2E3000369422205300222   22NBEBUREAU V4444E      11                                                   
0512240000000974EUR2E3000369422205300222   22NPOSALAZIE 4444       11                                                   
0512240000000974EUR2E3000369422205300222   22LCCFAC. 201444468 DU 11107/2022ACM - DU 25/07 AU 05/08/2022SALAZIE         
0512240000000974EUR2E3000369422205300222   22RCN161040024444002022-11-262623                                            
0512240000000974EUR2E3000369422205300222   22LIBBDFEFRPP4444       11                                                   
0512240000000974EUR2E3000369422205300222   22MMOEUR200004444063096 11                                                   
0412240000200974EUR2E3000369422202290222  322822REM CHQT444405267321182022       0000000100000000000345C                
0512240000200974EUR2E3000369422202290222   22LIB00000182444448400021154682201                                           
0412240000200974EUR2E3000369422202290222  322822REM CHQT444405290621182022       0000000100000000000474B                
0512240000200974EUR2E3000369422202290222   22LIB00000182444448400021154682201                                           
0412240000200974EUR2E3000369422202290222  322822REM CHQT444405871121182022       0000000100000000000839C                
0512240000200974EUR2E3000369422202290222   22LIB00000382444448400021154682202                                           
0412240000200974EUR2E3000369422202290222  322822REM CHQT444405903721182022       0000000100000000003210{                
0512240000200974EUR2E3000369422202290222   22LIB00000382444448400021154682201                                           
0412240000400974EUR2E3000369422230300222  222822CARTE 154444510 7451110 29/08    0000000100000000002589E                
0412240000400974EUR2E3000369422230300222  222822CARTE 154444205 7451152 29/08    0000000100000000001744I                
0412240000400974EUR2E3000369422230300222  222822CARTE 154444205 7451152 29/08    0000000100000000000318E                
0412240005800974EUR2E3000369422262300222  022922CARTE 154444205 7451152 29/08    0000000100000000000020M                
0412240000400974EUR2E3000369422230300222  222822CARTE 304444542 7451106 29/08    0000000100000000001270{                
0412240005800974EUR2E3000369422262300222  022922CARTE 304444542 7451106 29/08    0000000100000000000026P                
0412240000400974EUR2E3000369422230300222  222822CARTE 154444540 7451125 29/08    0000000100000000000925{                
0412240000400974EUR2E3000369422230300222  222822CARTE 154444540 7451125 29/08    0000000100000000015387D                
0412240000400974EUR2E3000369422230300222  222822CARTE 154444540 7451125 29/08    0000000100000000002419A                
0412240005800974EUR2E3000369422262300222  022922CARTE 154444540 7451125 29/08    0000000100000000000131Q                
0412240000400974EUR2E3000369422230300222  222822CARTE 154444510 7451151 29/08    0000000100000000015368B                
0412240000400974EUR2E3000369422230300222  222822CARTE 154444510 7451151 29/08    0000000100000000017321E                
0412240000400974EUR2E3000369422230300222  222822CARTE 154444510 7451151 29/08    0000000100000000002704A                
0412240005800974EUR2E3000369422262300222  022922CARTE 154444510 7451151 29/08    0000000100000000000206J                
0412240000400974EUR2E3000369422230300222  222822CARTE 304444111 7451169 29/08    0000000100000000000970{                
0412240000400974EUR2E3000369422230300222  222822CARTE 304444111 7451169 29/08    0000000100000000005450{                
0412240005800974EUR2E3000369422262300222  022922CARTE 304444111 7451169 29/08    0000000100000000000095N                
0412240000400974EUR2E3000369422230300222  222822CARTE 304444512 7451179 29/08    0000000100000000000959I                
0412240000400974EUR2E3000369422230300222  222822CARTE 304444512 7451179 29/08    0000000100000000005419C                
0412240005800974EUR2E3000369422262300222  022922CARTE 304444512 7451179 29/08    0000000100000000000133}                
0412240000400974EUR2E3000369422230300222  222822CARTE 154444201 7451185 29/08    0000000100000000001388A                
0412240000400974EUR2E3000369422230300222  222822CARTE 154444201 7451185 29/08    0000000100000000003991B                
0412240000400974EUR2E3000369422230300222  222822CARTE 154444201 7451185 29/08    0000000100000000001491B                
0412240005800974EUR2E3000369422262300222  022922CARTE 154444201 7451185 29/08    0000000100000000000042N                
0412240000400974EUR2E3000369422230300222  222822CARTE 244444501 0001185 29/08    0000000100000000000081E                
0412240005800974EUR2E3000369422262300222  022922CARTE 244444501 0001185 29/08    0000000100000000000000N                
0412240000400974EUR2E3000369422230300222  222822CARTE 154444510 7451110 29/08    0000000100000000014932H                
0412240005800974EUR2E3000369422262300222  022922CARTE 154444510 7451110 29/08    0000000100000000000123N                
0412240000400974EUR2E3000369422230300222  222822CARTE 304444111 7451115 29/08    0000000100000000000680{                
0412240005800974EUR2E3000369422262300222  022922CARTE 304444111 7451115 29/08    0000000100000000000010K                
0412240000400974EUR2E3000369422230300222  222822CARTE 304444512 7451117 29/08    0000000100000000000680{                
0412240005800974EUR2E3000369422262300222  022922CARTE 304444512 7451117 29/08    0000000100000000000014L                
0412240000400974EUR2E3000369422230300222  222822CARTE 154444201 7451120 29/08    0000000100000000001286F                
0412240000400974EUR2E3000369422230300222  222822CARTE 154444201 7451120 29/08    0000000100000000004468A                
0412240000400974EUR2E3000369422230300222  222822CARTE 154444201 7451120 29/08    0000000100000000000652{                
0412240005800974EUR2E3000369422262300222  022922CARTE 154444201 7451120 29/08    0000000100000000000042N                
0412240000400974EUR2E3000369422230300222  222822CARTE 154444520 7451114 29/08    0000000100000000001962C                
0412240000400974EUR2E3000369422230300222  222822CARTE 154444520 7451114 29/08    0000000100000000029917D                
0412240000400974EUR2E3000369422230300222  222822CARTE 154444520 7451114 29/08    0000000100000000004649E                
0412240005800974EUR2E3000369422262300222  022922CARTE 154444520 7451114 29/08    0000000100000000000251L                
0412240000400974EUR2E3000369422230300222  222822CARTE 304444121 7451119 29/08    0000000100000000005180{                
0412240005800974EUR2E3000369422262300222  022922CARTE 304444121 7451119 29/08    0000000100000000000086}                
0412240000400974EUR2E3000369422230300222  222822CARTE 304444522 7451122 29/08    0000000100000000005180{                
0412240005800974EUR2E3000369422262300222  022922CARTE 304444522 7451122 29/08    0000000100000000000117J                
0412240000400974EUR2E3000369422230300222  222822CARTE 154444202 7451124 29/08    0000000100000000001928B                
0412240000400974EUR2E3000369422230300222  222822CARTE 154444202 7451124 29/08    0000000100000000005524I                
0412240000400974EUR2E3000369422230300222  222822CARTE 154444202 7451124 29/08    0000000100000000000907I                
0412240005800974EUR2E3000369422262300222  022922CARTE 154444202 7451124 29/08    0000000100000000000052M                
0412240000400974EUR2E3000369422230300222  222822CARTE 304444141 7451137 29/08    0000000100000000001270{                
0412240005800974EUR2E3000369422262300222  022922CARTE 304444141 7451137 29/08    0000000100000000000019J                
0412240000400974EUR2E3000369422230300222  222822CARTE 154444205 7451152 29/08    0000000100000000001309{                
0412240000100974EUR2E3000369422204300222  222822CREDIT C4444E CLIEN11  0001236   0000000100000000053253{                
0412240000000974EUR2E3000369422205300222  322822VIR CGSS4444LEMENTS11GSS AIDE A  0000000100000000027840{                
0512240000000974EUR2E3000369422205300222   22NPYCGSS REG4444NTS    11                                                   
0512240000000974EUR2E3000369422205300222   22NBEBV NORD 4444       11                                                   
0512240000000974EUR2E3000369422205300222   22LCCCGSS AID4444S 23-2011-119879                                            
0512240000000974EUR2E3000369422205300222   22RCNCGSS AID4444S 23-2011-119879                                            
0512240000000974EUR2E3000369422205300222   22LIBBREDFRPP4444       11                                                   
0512240000000974EUR2E3000369422205300222   22MMOEUR200004444278400 11                                                   
0412240000000974EUR2E3000369422205300222  322822VIR AMER4444 EXPRES11PAYMENTS E  0000000100000000009013G                
0512240000000974EUR2E3000369422205300222   22NPYAMERICAN4444RESS PA11ENTS EUROPE SL                                     
0512240000000974EUR2E3000369422205300222   22NBEBV NORD 4444       11                                                   
0512240000000974EUR2E3000369422205300222   22LCCAMERICAN4444RESS/SE1193595201/DT20220827-20220829/TR11/GR901.37/DI0.00  
0512240000000974EUR2E3000369422205300222   22RCNAMEXSCT94444952010411412548443T45                                       
0512240000000974EUR2E3000369422205300222   22LIBDEUTFRPP4444       11                                                   
0512240000000974EUR2E3000369422205300222   22MMOEUR200004444090137 11                                                   
0412240000400974EUR2E3000369422230300222  322822CARTE 154444540 7571113 30/08    0000000100000000006522G                
0412240000400974EUR2E3000369422230300222  322822CARTE 304444111 7571131 30/08    0000000100000000000630{                
0412240005800974EUR2E3000369422262300222  022922CARTE 304444111 7571131 30/08    0000000100000000000009N                
0412240000400974EUR2E3000369422230300222  322822CARTE 304444512 7571133 30/08    0000000100000000000630{                
0412240005800974EUR2E3000369422262300222  022922CARTE 304444512 7571133 30/08    0000000100000000000013K                
0412240000400974EUR2E3000369422230300222  322822CARTE 154444201 7571135 30/08    0000000100000000000977A                
0412240000400974EUR2E3000369422230300222  322822CARTE 154444201 7571135 30/08    0000000100000000003441B                
0412240000400974EUR2E3000369422230300222  322822CARTE 154444201 7571135 30/08    0000000100000000001504B                
0412240005800974EUR2E3000369422262300222  022922CARTE 154444201 7571135 30/08    0000000100000000000036N                
0412240000400974EUR2E3000369422230300222  322822CARTE 154444540 7571113 30/08    0000000100000000018759D                
0412240000400974EUR2E3000369422230300222  322822CARTE 154444540 7571113 30/08    0000000100000000002843E                
0412240005800974EUR2E3000369422262300222  022922CARTE 154444540 7571113 30/08    0000000100000000000195J                
0412240000400974EUR2E3000369422230300222  322822CARTE 304444141 7571117 30/08    0000000100000000002860{                
0412240005800974EUR2E3000369422262300222  022922CARTE 304444141 7571117 30/08    0000000100000000000042R                
0412240000400974EUR2E3000369422230300222  322822CARTE 304444542 7571119 30/08    0000000100000000002860{                
0412240005800974EUR2E3000369422262300222  022922CARTE 304444542 7571119 30/08    0000000100000000000060}                
0412240000400974EUR2E3000369422230300222  322822CARTE 154444205 7571122 30/08    0000000100000000001908A                
0412240000400974EUR2E3000369422230300222  322822CARTE 154444205 7571122 30/08    0000000100000000003334G                
0412240000400974EUR2E3000369422230300222  322822CARTE 154444205 7571122 30/08    0000000100000000001280H                
0412240005800974EUR2E3000369422262300222  022922CARTE 154444205 7571122 30/08    0000000100000000000041Q                
0412240000400974EUR2E3000369422230300222  322822CARTE 154444510 7571127 30/08    0000000100000000003301E                
0412240000400974EUR2E3000369422230300222  322822CARTE 154444510 7571127 30/08    0000000100000000020736B                
0412240000400974EUR2E3000369422230300222  322822CARTE 154444510 7571127 30/08    0000000100000000001219G                
0412240005800974EUR2E3000369422262300222  022922CARTE 154444510 7571127 30/08    0000000100000000000170M                
0712240    00974EUR2 30003694222  300222   22           4444       11                     0000002924001E                
0112240    00974EUR2 30011897222  290222   22           4444       11                     0000002717704C  167           
0412240002200974EUR2E3001189722272300222  322822000005884444INTERET11   30/08/2  0000000100000000005002R                
0412240002200974EUR2E3001189722272300222  322822000005884444CAPITAL11   30/08/2  0000000100000000059030M                
0412240000000974EUR2E3001189722205300222  322822VIR SGC 4444ORT 161110010057002  0000000100000000000699G                
0512240000000974EUR2E3001189722205300222   22NPYSGC DU P4444       11                                                   
0512240000000974EUR2E3001189722205300222   22NBEBV LE PO4444       11                                                   
0512240000000974EUR2E3001189722205300222   22NPOLA POSSE4444N      11                                                   
0512240000000974EUR2E3001189722205300222   22LCCFAC. 202444482 DU 11107/2022. FOURNITURES DE BUREAU S/CECDVILA POSSESS  
0512240000000974EUR2E3001189722205300222   22LC2ION     4444       11                                                   
0512240000000974EUR2E3001189722205300222   22RCN161040014444002022-11-265916                                            
0512240000000974EUR2E3001189722205300222   22LIBBDFEFRPP4444       11                                                   
0512240000000974EUR2E3001189722205300222   22MMOEUR200004444006997 11                                                   
0412240000200974EUR2E3001189722202290222  322822REM CHQT444405832621182022       0000000100000000001896E                
0512240000200974EUR2E3001189722202290222   22LIB00000288444435000021156874303                                           
0412240000200974EUR2E3001189722202290222  322822REM CHQT444405879421182022       0000000100000000000559H                
0512240000200974EUR2E3001189722202290222   22LIB00000288444435000021156874302                                           
0412240000200974EUR2E3001189722202290222  322822REM CHQT444405880521182022       0000000100000000001539D                
0512240000200974EUR2E3001189722202290222   22LIB00000188444435000021156874305                                           
0412240000400974EUR2E3001189722230300222  222822CARTE 254444530 7451193 29/08    0000000100000000012857G                
0412240005800974EUR2E3001189722262300222  022922CARTE 254444530 7451193 29/08    0000000100000000000082L                
0412240000400974EUR2E3001189722230300222  222822CARTE 304444431 7451156 29/08    0000000100000000002100{                
0412240005800974EUR2E3001189722262300222  022922CARTE 304444431 7451156 29/08    0000000100000000000031N                
0412240000400974EUR2E3001189722230300222  222822CARTE 304444132 7451167 29/08    0000000100000000002099H                
0412240005800974EUR2E3001189722262300222  022922CARTE 304444132 7451167 29/08    0000000100000000000044J                
0412240000400974EUR2E3001189722230300222  222822CARTE 254444203 7451180 29/08    0000000100000000003017D                
0412240005800974EUR2E3001189722262300222  022922CARTE 254444203 7451180 29/08    0000000100000000000019M                
0412240000400974EUR2E3001189722230300222  222822CARTE 254444520 7451109 29/08    0000000100000000032694G                
0412240005800974EUR2E3001189722262300222  022922CARTE 254444520 7451109 29/08    0000000100000000000226N                
0412240000400974EUR2E3001189722230300222  222822CARTE 254444202 7451123 29/08    0000000100000000006805B                
0412240005800974EUR2E3001189722262300222  022922CARTE 254444202 7451123 29/08    0000000100000000000046M                
0412240000400974EUR2E3001189722230300222  222822CARTE 304444421 7451137 29/08    0000000100000000004210{                
0412240005800974EUR2E3001189722262300222  022922CARTE 304444421 7451137 29/08    0000000100000000000063K                
0412240000400974EUR2E3001189722230300222  222822CARTE 304444122 7451143 29/08    0000000100000000004150{                
0412240005800974EUR2E3001189722262300222  022922CARTE 304444122 7451143 29/08    0000000100000000000087K                
0412240000100974EUR2E3001189722204300222  222822CREDIT C4444E CLIEN11  0000647   0000000100000000016961A                
0412240000100974EUR2E3001189722204300222  222822CREDIT C4444E CLIEN11  0000648   0000000100000000018587F                
0412240000100974EUR2E3001189722204300222  222822CREDIT C4444E CLIEN11  0000649   0000000100000000019910D                
0412240000000974EUR2E3001189722205300222  322822VIR AMER4444 EXPRES11PAYMENTS E  0000000100000000003640E                
0512240000000974EUR2E3001189722205300222   22NPYAMERICAN4444RESS PA11ENTS EUROPE SL                                     
0512240000000974EUR2E3001189722205300222   22NBEBV LE PO4444       11                                                   
0512240000000974EUR2E3001189722205300222   22LCCAMERICAN4444RESS/SE1196374372/DT20220827-20220829/TR7/GR364.05/DI0.00   
0512240000000974EUR2E3001189722205300222   22RCNAMEXSCT94444743720411413812043T45                                       
0512240000000974EUR2E3001189722205300222   22LIBDEUTFRPP4444       11                                                   
0512240000000974EUR2E3001189722205300222   22MMOEUR200004444036405 11                                                   
0412240002100974EUR2E3001189722207300222  322822EFFET DO4444LIES   11            00     000000000142510L                
0712240    00974EUR2 30011897222  300222   22           4444       11                     0000002642289I                
0112240    00974EUR2 90013794222  290222   22   ** PAS D4444UVEMENT11E JOUR **            0000000371814H  167           
0712240    00974EUR2 90013794222  300222   22   --------4444-------11---------            0000000371814H                
0112240    00974EUR2 90024394222  290222   22           4444       11                     0000001319981B  167           
0412240000000974EUR2E9002439422205300222  322822VIR DRFI4444UNION 111040000-GFC  0000000100000000004462C                
0512240000000974EUR2E9002439422205300222   22NPYDRFIP RE4444N      11                                                   
0512240000000974EUR2E9002439422205300222   22NBEBUREAU V4444E      11                                                   
0512240000000974EUR2E9002439422205300222   22NPO9740046G4444LEGE DE11RAS-PANON                                          
0512240000000974EUR2E9002439422205300222   22NBUBUREAU V4444E      11                                                   
0512240000000974EUR2E9002439422205300222   22LCCFOURNITU4444ARTS PL11TIQUES   -COLLEGE DE BRAS-PANON         -9740046G  
0512240000000974EUR2E9002439422205300222   22RCN1D1040004444C22-9741146G-019-0003                                       
0512240000000974EUR2E9002439422205300222   22LIBBDFEFRPP4444       11                                                   
0512240000000974EUR2E9002439422205300222   22MMOEUR200004444044623 11                                                   
0412240000000974EUR2E9002439422205300222  322822VIR TRES4444IE SAIN11BENOIT MUN  0000000100000000000299I                
0512240000000974EUR2E9002439422205300222   22NPYTRESORER4444AINT BE11IT MUNICIPALE                                      
0512240000000974EUR2E9002439422205300222   22NBEBUREAU V4444E      11                                                   
0512240000000974EUR2E9002439422205300222   22NPOCCAS SAI4444ENOIT  11                                                   
0512240000000974EUR2E9002439422205300222   22LCCFAC NO204444848 DU 11/08/2022CCAS SAINT-BENOIT                          
0512240000000974EUR2E9002439422205300222   22RCN161040034444002022-11-26537                                             
0512240000000974EUR2E9002439422205300222   22LIBBDFEFRPP4444       11                                                   
0512240000000974EUR2E9002439422205300222   22MMOEUR200004444002999 11                                                   
0412240000000974EUR2E9002439422205300222  322822VIR TRES4444IE SAIN11BENOIT MUN  0000000100000000000159I                
0512240000000974EUR2E9002439422205300222   22NPYTRESORER4444AINT BE11IT MUNICIPALE                                      
0512240000000974EUR2E9002439422205300222   22NBEBUREAU V4444E      11                                                   
0512240000000974EUR2E9002439422205300222   22NPOCCAS SAI4444ENOIT  11                                                   
0512240000000974EUR2E9002439422205300222   22LCCFAC NO204444847 DU 11/08/2022CCAS SAINT-BENOIT                          
0512240000000974EUR2E9002439422205300222   22RCN161040034444002022-11-26536                                             
0512240000000974EUR2E9002439422205300222   22LIBBDFEFRPP4444       11                                                   
0512240000000974EUR2E9002439422205300222   22MMOEUR200004444001599 11                                                   
0412240000200974EUR2E9002439422202290222  322822REM CHQT444405745821182022       0000000100000000007311D                
0512240000200974EUR2E9002439422202290222   22LIB00000353444414700011106448401                                           
0412240000400974EUR2E9002439422230300222  222822CARTE 094444220 7451107 29/08    0000000100000000007341I                
0412240000400974EUR2E9002439422230300222  222822CARTE 094444220 7451107 29/08    0000000100000000040071C                
0412240000400974EUR2E9002439422230300222  222822CARTE 094444220 7451107 29/08    0000000100000000004516B                
0412240005800974EUR2E9002439422262300222  022922CARTE 094444220 7451107 29/08    0000000100000000000315P                
0412240000400974EUR2E9002439422230300222  222822CARTE 304444521 7451113 29/08    0000000100000000002330{                
0412240000400974EUR2E9002439422230300222  222822CARTE 304444521 7451113 29/08    0000000100000000009475{                
0412240005800974EUR2E9002439422262300222  022922CARTE 304444521 7451113 29/08    0000000100000000000174R                
0412240000400974EUR2E9002439422230300222  222822CARTE 304444322 7451123 29/08    0000000100000000002330{                
0412240000400974EUR2E9002439422230300222  222822CARTE 304444322 7451123 29/08    0000000100000000005945{                
0412240005800974EUR2E9002439422262300222  022922CARTE 304444322 7451123 29/08    0000000100000000000171N                
0412240000400974EUR2E9002439422230300222  222822CARTE 194444201 7451132 29/08    0000000100000000002233G                
0412240000400974EUR2E9002439422230300222  222822CARTE 194444201 7451132 29/08    0000000100000000009655F                
0412240000400974EUR2E9002439422230300222  222822CARTE 194444201 7451132 29/08    0000000100000000000289D                
0412240005800974EUR2E9002439422262300222  022922CARTE 194444201 7451132 29/08    0000000100000000000077M                
0412240000400974EUR2E9002439422230300222  222822CARTE 094444230 7451199 29/08    0000000100000000004740I                
0412240000400974EUR2E9002439422230300222  222822CARTE 094444230 7451199 29/08    0000000100000000013242C                
0412240000400974EUR2E9002439422230300222  222822CARTE 094444230 7451199 29/08    0000000100000000001279E                
0412240005800974EUR2E9002439422262300222  022922CARTE 094444230 7451199 29/08    0000000100000000000117N                
0412240000400974EUR2E9002439422230300222  222822CARTE 304444531 7451111 29/08    0000000100000000001360{                
0412240000400974EUR2E9002439422230300222  222822CARTE 304444531 7451111 29/08    0000000100000000002873C                
0412240005800974EUR2E9002439422262300222  022922CARTE 304444531 7451111 29/08    0000000100000000000062K                
0412240000400974EUR2E9002439422230300222  222822CARTE 304444332 7451119 29/08    0000000100000000001353E                
0412240000400974EUR2E9002439422230300222  222822CARTE 304444332 7451119 29/08    0000000100000000002853A                
0412240005800974EUR2E9002439422262300222  022922CARTE 304444332 7451119 29/08    0000000100000000000087J                
0412240000400974EUR2E9002439422230300222  222822CARTE 194444202 7451127 29/08    0000000100000000001679C                
0412240000400974EUR2E9002439422230300222  222822CARTE 194444202 7451127 29/08    0000000100000000001951G                
0412240000400974EUR2E9002439422230300222  222822CARTE 194444202 7451127 29/08    0000000100000000000769G                
0412240005800974EUR2E9002439422262300222  022922CARTE 194444202 7451127 29/08    0000000100000000000028Q                
0412240000400974EUR2E9002439422230300222  222822CARTE 244444201 0001143 29/08    0000000100000000000530H                
0412240005800974EUR2E9002439422262300222  022922CARTE 244444201 0001143 29/08    0000000100000000000004R                
0412240000100974EUR2E9002439422204300222  222822CREDIT C4444E CLIEN11  0001252   0000000100000000043030F                
0412240000000974EUR2E9002439422205300222  322822VIR AMER4444 EXPRES11PAYMENTS E  0000000100000000000562I                
0512240000000974EUR2E9002439422205300222   22NPYAMERICAN4444RESS PA11ENTS EUROPE SL                                     
0512240000000974EUR2E9002439422205300222   22NBEBURORUN 4444       11                                                   
0512240000000974EUR2E9002439422205300222   22LCCAMERICAN4444RESS/SE1193734768/DT20220827/TR1/GR56.29/DI0.00             
0512240000000974EUR2E9002439422205300222   22RCNAMEXSCT94444347680411412673643T45                                       
0512240000000974EUR2E9002439422205300222   22LIBDEUTFRPP4444       11                                                   
0512240000000974EUR2E9002439422205300222   22MMOEUR200004444005629 11                                                   
0712240    00974EUR2 90024394222  300222                                                  0000001491590D                
